@inproceedings{farm,
 author = {Dragojevi\'{c}, Aleksandar and Narayanan, Dushyanth and Nightingale, Edmund B. and Renzelmann, Matthew and Shamis, Alex and Badam, Anirudh and Castro, Miguel},
 title = {No Compromises: Distributed Transactions with Consistency, Availability, and Performance},
 booktitle = {Proceedings of the Symposium on Operating Systems Principles},
 year = {2015},
 pages = {54--70},
 publisher = {ACM}
 }

@inproceedings{htm,
 author = {Wei, Xingda and Shi, Jiaxin and Chen, Yanzhe and Chen, Rong and Chen, Haibo},
 title = {Fast In-memory Transaction Processing Using RDMA and HTM},
 booktitle = {Proceedings of the Symposium on Operating Systems Principles},
 year = {2015},
 pages = {87--104},
 publisher = {ACM}
 }

@misc{nvml,
	Howpublished = {\myurl{http://nvml.io}}}

@misc{zookeeper,
Howpublished={\myurl{http://zookeeper.apache.org}}}

@misc{dax,
Howpublished={\myurl{https://www.kernel.org/doc/Documentation/filesystems/dax.txt}}}

@inproceedings{mnemosyne,
 author = {Volos, Haris and Tack, Andres Jaan and Swift, Michael M.},
 title = {Mnemosyne: Lightweight Persistent Memory},
 booktitle = {Proceedings of Conference on Architectural Support for Programming Languages and Operating Systems},
 year = {2011},
 pages = {91--104},
 publisher = {ACM}
 }

@inproceedings{raft,
 author = {Ongaro, Diego and Ousterhout, John},
 title = {In Search of an Understandable Consensus Algorithm},
 booktitle = {Proceedings of the Annual Technical Conference},
 year = {2014},
 pages = {305--320},
 publisher = {USENIX Association}
 } 

@misc{dpdk,
Howpublished={\myurl{http://dpdk.org}}}

@misc{ddio,
Howpublished={\myurl{http://www.intel.com/content/www/us/en/io/data-direct-i-o-technology.html}}}

@article{output_commit,
 author = {Strom, Rob and Yemini, Shaula},
 title = {Optimistic Recovery in Distributed Systems},
 journal = {ACM Transactions on Computer Systems},
 volume = {3},
 number = {3},
 year = {1985},
 pages = {204--226},
 publisher = {ACM}
}

@inproceedings{scalable_commutativity,
 author = {Clements, Austin T. and Kaashoek, M. Frans and Zeldovich, Nickolai and Morris, Robert T. and Kohler, Eddie},
 title = {The Scalable Commutativity Rule: Designing Scalable Software for Multicore Processors},
 booktitle = {Proceedings of the Symposium on Operating Systems Principles},
 year = {2013},
 pages = {1--17},
 publisher = {ACM}
} 
